@article{baccelli2018riot,
  title={{RIOT: An Open Source Operating System for Low-end Embedded Devices in the IoT}},
  author={Baccelli, Emmanuel and G{\"u}ndo{\u{g}}an, Cenk and Hahm, Oliver and Kietzmann, Peter and Lenders, Martine S and Petersen, Hauke and Schleiser, Kaspar and Schmidt, Thomas C and W{\"a}hlisch, Matthias},
  journal={IEEE Internet of Things Journal},
  volume={5},
  number={6},
  pages={4428--4440},
  year={2018},
  publisher={IEEE}
}

@article{saeed2020CubeSatReview,
  author={Saeed, Nasir and Elzanaty, Ahmed and Almorad, Heba and Dahrouj, Hayssam and Al-Naffouri, Tareq Y. and Alouini, Mohamed-Slim},
  journal={IEEE Communications Surveys   Tutorials},
  title={CubeSat Communications: Recent Advances and Future Challenges},
  year={2020},
  volume={22},
  number={3},
  pages={1839-1862},
  doi={10.1109/COMST.2020.2990499}
}

@inproceedings{shalashov2021OpenSourceCubeSatReview,
       author = {{Shalashov}, M. and {Kiseleva}, A.},
        title = "{Review of open-source cubesat projects}",
    booktitle = {Journal of Physics Conference Series},
         year = 2021,
       series = {Journal of Physics Conference Series},
       volume = {1925},
        month = may,
          eid = {012039},
        pages = {012039},
          doi = {10.1088/1742-6596/1925/1/012039},
       adsurl = {https://ui.adsabs.harvard.edu/abs/2021JPhCS1925a2039S},
      adsnote = {Provided by the SAO/NASA Astrophysics Data System}
}

@inproceedings{Holliday2019PyCubedAO,
  title={PyCubed: An Open-Source, Radiation-Tested CubeSat Platform Programmable Entirely in Python},
  author={Maximillian Holliday and A. Ram{\'i}rez and Connor Settle and Tane Tatum and Debbie G. Senesky and Zachary Manchester},
  year={2019}
}
